%YAML 1.1
%TAG !u! tag:unity3d.com,2011:
--- !u!243 &-6675959169953256084
AudioMixerGroupController:
  m_ObjectHideFlags: 0
  m_CorrespondingSourceObject: {fileID: 0}
  m_PrefabInstance: {fileID: 0}
  m_PrefabAsset: {fileID: 0}
  m_Name: UI
  m_AudioMixer: {fileID: 24100000}
  m_GroupID: da61f7e1a5d55034ea0a7dcf309398a4
  m_Children: []
  m_Volume: 26dad23b1a6301a45b79cbb768777c70
  m_Pitch: 5dcce6e2468d97f4eb50a5bec08d1655
  m_Send: 00000000000000000000000000000000
  m_Effects:
  - {fileID: 119467775414028894}
  m_UserColorIndex: 0
  m_Mute: 0
  m_Solo: 0
  m_BypassEffects: 0
--- !u!244 &-6367702216916623230
AudioMixerEffectController:
  m_ObjectHideFlags: 3
  m_CorrespondingSourceObject: {fileID: 0}
  m_PrefabInstance: {fileID: 0}
  m_PrefabAsset: {fileID: 0}
  m_Name: 
  m_EffectID: c6d62682d55da874282548c859016029
  m_EffectName: Attenuation
  m_MixLevel: 7ea5fe96426f5924d9b3e203ae8610d7
  m_Parameters: []
  m_SendTarget: {fileID: 0}
  m_EnableWetMix: 0
  m_Bypass: 0
--- !u!243 &-5665789816409312570
AudioMixerGroupController:
  m_ObjectHideFlags: 0
  m_CorrespondingSourceObject: {fileID: 0}
  m_PrefabInstance: {fileID: 0}
  m_PrefabAsset: {fileID: 0}
  m_Name: SFX
  m_AudioMixer: {fileID: 24100000}
  m_GroupID: bbdd9377c24a6304882e6d83bc4c583f
  m_Children: []
  m_Volume: e4691b52634421a43ade173d5a36d2d6
  m_Pitch: f71c47f92e58ef24e9be7daaf627da99
  m_Send: 00000000000000000000000000000000
  m_Effects:
  - {fileID: -4768519852373320783}
  m_UserColorIndex: 0
  m_Mute: 0
  m_Solo: 0
  m_BypassEffects: 0
--- !u!244 &-4768519852373320783
AudioMixerEffectController:
  m_ObjectHideFlags: 3
  m_CorrespondingSourceObject: {fileID: 0}
  m_PrefabInstance: {fileID: 0}
  m_PrefabAsset: {fileID: 0}
  m_Name: 
  m_EffectID: 30883334a819dc14ca9a466cee55c68c
  m_EffectName: Attenuation
  m_MixLevel: 41e17a701b265454ca016637a040f569
  m_Parameters: []
  m_SendTarget: {fileID: 0}
  m_EnableWetMix: 0
  m_Bypass: 0
--- !u!243 &-3347874296571384100
AudioMixerGroupController:
  m_ObjectHideFlags: 0
  m_CorrespondingSourceObject: {fileID: 0}
  m_PrefabInstance: {fileID: 0}
  m_PrefabAsset: {fileID: 0}
  m_Name: MasterSFX
  m_AudioMixer: {fileID: 24100000}
  m_GroupID: 8c424559861e03e4fbda44f9b22cd349
  m_Children:
  - {fileID: -5665789816409312570}
  - {fileID: -6675959169953256084}
  m_Volume: 7ff61d23b6572d74389e7327abe2ed44
  m_Pitch: 6d49ea1ec316320458993e8086cc0bb6
  m_Send: 00000000000000000000000000000000
  m_Effects:
  - {fileID: 3809005301299821570}
  m_UserColorIndex: 0
  m_Mute: 0
  m_Solo: 0
  m_BypassEffects: 0
--- !u!241 &24100000
AudioMixerController:
  m_ObjectHideFlags: 0
  m_CorrespondingSourceObject: {fileID: 0}
  m_PrefabInstance: {fileID: 0}
  m_PrefabAsset: {fileID: 0}
  m_Name: mainMixer
  m_OutputGroup: {fileID: 0}
  m_MasterGroup: {fileID: 24300002}
  m_Snapshots:
  - {fileID: 24500006}
  m_StartSnapshot: {fileID: 24500006}
  m_SuspendThreshold: -80
  m_EnableSuspend: 1
  m_UpdateMode: 0
  m_ExposedParameters: []
  m_AudioMixerGroupViews:
  - guids:
    - 171595399b4bbd845817d7de0083e9dc
    - 79be2e892be1b754384ea37e4dc69f8e
    - 8c424559861e03e4fbda44f9b22cd349
    - bbdd9377c24a6304882e6d83bc4c583f
    - da61f7e1a5d55034ea0a7dcf309398a4
    name: View
  m_CurrentViewIndex: 0
  m_TargetSnapshot: {fileID: 24500006}
--- !u!243 &24300002
AudioMixerGroupController:
  m_ObjectHideFlags: 0
  m_CorrespondingSourceObject: {fileID: 0}
  m_PrefabInstance: {fileID: 0}
  m_PrefabAsset: {fileID: 0}
  m_Name: Master
  m_AudioMixer: {fileID: 24100000}
  m_GroupID: 171595399b4bbd845817d7de0083e9dc
  m_Children:
  - {fileID: 5924170620876472417}
  - {fileID: -3347874296571384100}
  m_Volume: 1f1913b1d3901154ab8774ec4cac72cd
  m_Pitch: d2dce4c2487775f4db7edd90b2f8b719
  m_Send: 00000000000000000000000000000000
  m_Effects:
  - {fileID: 24400004}
  m_UserColorIndex: 0
  m_Mute: 0
  m_Solo: 0
  m_BypassEffects: 0
--- !u!244 &24400004
AudioMixerEffectController:
  m_ObjectHideFlags: 3
  m_CorrespondingSourceObject: {fileID: 0}
  m_PrefabInstance: {fileID: 0}
  m_PrefabAsset: {fileID: 0}
  m_Name: 
  m_EffectID: f2e507692be9cea4fb854dacee216f58
  m_EffectName: Attenuation
  m_MixLevel: 58750e5bc7a51034798332a866368d6e
  m_Parameters: []
  m_SendTarget: {fileID: 0}
  m_EnableWetMix: 0
  m_Bypass: 0
--- !u!245 &24500006
AudioMixerSnapshotController:
  m_ObjectHideFlags: 0
  m_CorrespondingSourceObject: {fileID: 0}
  m_PrefabInstance: {fileID: 0}
  m_PrefabAsset: {fileID: 0}
  m_Name: Snapshot
  m_AudioMixer: {fileID: 24100000}
  m_SnapshotID: d5bebe908bdd2ef4bb7f325b08e3783f
  m_FloatValues:
    1f1913b1d3901154ab8774ec4cac72cd: -0.16688651
    7ff61d23b6572d74389e7327abe2ed44: -7.8940816
    26dad23b1a6301a45b79cbb768777c70: 20
    4723c39b63a2f8043b1aec7e978b6fc7: -4.1973577
  m_TransitionOverrides: {}
--- !u!244 &119467775414028894
AudioMixerEffectController:
  m_ObjectHideFlags: 3
  m_CorrespondingSourceObject: {fileID: 0}
  m_PrefabInstance: {fileID: 0}
  m_PrefabAsset: {fileID: 0}
  m_Name: 
  m_EffectID: eba0dc9249397994889532c37e8ce706
  m_EffectName: Attenuation
  m_MixLevel: dd80bd76c6862df47a29027b6da931df
  m_Parameters: []
  m_SendTarget: {fileID: 0}
  m_EnableWetMix: 0
  m_Bypass: 0
--- !u!244 &3809005301299821570
AudioMixerEffectController:
  m_ObjectHideFlags: 3
  m_CorrespondingSourceObject: {fileID: 0}
  m_PrefabInstance: {fileID: 0}
  m_PrefabAsset: {fileID: 0}
  m_Name: 
  m_EffectID: 76cbc740f36b8ae4e9442bb2d665849c
  m_EffectName: Attenuation
  m_MixLevel: e3a2a9cb7a9d9a44a8006a04ec2ebb6f
  m_Parameters: []
  m_SendTarget: {fileID: 0}
  m_EnableWetMix: 0
  m_Bypass: 0
--- !u!243 &5924170620876472417
AudioMixerGroupController:
  m_ObjectHideFlags: 0
  m_CorrespondingSourceObject: {fileID: 0}
  m_PrefabInstance: {fileID: 0}
  m_PrefabAsset: {fileID: 0}
  m_Name: Music
  m_AudioMixer: {fileID: 24100000}
  m_GroupID: 79be2e892be1b754384ea37e4dc69f8e
  m_Children: []
  m_Volume: 4723c39b63a2f8043b1aec7e978b6fc7
  m_Pitch: 3ca9d974c1639ec449e99fc0551e6b62
  m_Send: 00000000000000000000000000000000
  m_Effects:
  - {fileID: -6367702216916623230}
  m_UserColorIndex: 0
  m_Mute: 0
  m_Solo: 0
  m_BypassEffects: 0
